

@Article{hlratio,
author = { W. B. Gross, H. S. Siegel },
title = {Evaluation of the Heterophil/Lymphocyte Ratio as a Measure of Stress in Chickens},
journal = {American Association of Avian Pathologists},
volume = {27},
year = {1983},
number = {4},
pages = {972--979},
}

@INPROCEEDINGS{5190593,
author={M. Hamghalam and A. Ayatollahi},
booktitle={2009 International Conference on Digital Image Processing},
title={Automatic Counting of Leukocytes in Giemsa-Stained Images of Peripheral Blood Smear},
year={2009},
pages={13-16},
keywords={blood;cellular biophysics;diseases;image segmentation;medical image processing;nucleus;Giemsa-stained image;human body infection;image histogram;image segmentation;image thresholding;leukocyte count;neutrophils;nucleus;peripheral blood image;peripheral blood smear;red cells;white cell;Cells (biology);Deformable models;Digital images;Electronic mail;Feature extraction;Histograms;Humans;Image segmentation;Laboratories;White blood cells;analysis;component;dilation;histogram;leukocyte counting;segmentation;thresholding},
doi={10.1109/ICDIP.2009.9},
month={March},}


@article{hiremath2010automated,
  title={Automated identification and classification of white blood cells (leukocytes) in digital microscopic images},
  author={Hiremath, PS and Bannigidad, Parashuram and Geeta, Sai},
  journal={IJCA special issue on “recent trends in image processing and pattern recognition” RTIPPR},
  pages={59--63},
  year={2010}
}

@article{Bohls2006843,
title = "The use of flow cytometry to discriminate avian lymphocytes from contaminating thrombocytes ",
journal = "Developmental \& Comparative Immunology ",
volume = "30",
number = "9",
pages = "843 - 850",
year = "2006",
note = "",
issn = "0145-305X",
doi = "http://doi.org/10.1016/j.dci.2005.10.008",
url = "http://www.sciencedirect.com/science/article/pii/S0145305X05002132",
author = "Ryan L. Bohls and Roger Smith and Pam J. Ferro and Nova J. Silvy and Zhongxia Li and Ellen W. Collisson",
keywords = "Avian lymphocytes",
keywords = "Dual labeling flow cytometry",
keywords = "Thrombocytes "
}



@article {NYAS:NYAS297,
author = {Laki, K.},
title = {OUR ANCIENT HERITAGE IN BLOOD CLOTTING AND SOME OF ITS CONSEQUENCES},
journal = {Annals of the New York Academy of Sciences},
volume = {202},
number = {1},
publisher = {Blackwell Publishing Ltd},
issn = {1749-6632},
url = {http://dx.doi.org/10.1111/j.1749-6632.1972.tb16342.x},
doi = {10.1111/j.1749-6632.1972.tb16342.x},
pages = {297--307},
year = {1972},
}
